@ARTICLE{Figueredo:2009dg,
   author = {Figueredo, A.~J. and Wolf, P. S.~A.},
   title = {Assortative pairing and life history strategy - a cross-cultural study.},
   journal = {Human Nature},
   volume = {20},
   pages = {317-330},
   year = {2009}
}